@inproceedings{plcc-paper,
    author = {Timothy Fossum},
    title = {PLCC: a programming language compiler compiler},
    booktitle = {SIGCSE},
    year = {2014}
}